@misc{Instruments2014,
author = {{National Instruments}},
title = {{LabVIEW}},
url = {http://www.ni.com/labview/},
year = {2014}
}
@misc{MathWorks2014,
author = {MathWorks},
title = {{Simulink}},
url = {http://www.mathworks.com/products/simulink/},
year = {2014}
}
@misc{IronPython2014,
author = {{IronPython Community}},
title = {{IronPython}},
url = {http://ironpython.net/},
year = {2014}
}
@inproceedings{Voigts2013,
author = {Voigts, Jakob and Siegle, Josh H. and Kemere, C. and Moore, C.I. and Wilson, M.A.},
booktitle = {Society for Neuroscience (San Diego, CA, 13 November)},
title = {{A low-cost, open-source system for combining high-channel count electrophysiology with closed-loop optogenetic feedback}},
year = {2013}
}
@misc{Banzi2014,
author = {Banzi, Massimo and Cuartielles, David and Igoe, Tom and Martino, Gianluca and Mellis, David},
title = {{Arduino}},
url = {http://www.arduino.cc/},
year = {2014}
}
@misc{Itseez2014,
author = {Itseez},
title = {{OpenCV (Open Source Computer Vision)}},
url = {http://opencv.org/},
year = {2014}
}
@misc{MicrosoftOpenTechnologies2014,
author = {{Microsoft Open Technologies}},
title = {{Reactive Extensions for the .NET framework (Rx)}},
url = {https://rx.codeplex.com/},
year = {2014}
}
@unpublished{Siegle2014,
author = {Siegle, Josh and Voigts, Jakob and Kemere, C. and Layton, S. and Moore, C.I. and Wilson, Matt A.},
title = {{Open Ephys. In preparation,}},
year = {2014}
}
@article{Bainomugisha2013,
author = {Bainomugisha, Engineer and Carreton, Andoni Lombide and Cutsem, Tom Van and Mostinckx, Stijn and Meuter, Wolfgang De},
journal = {ACM Computing Surveys},
number = {4},
pages = {Article No. 52},
title = {{A survey on reactive programming}},
volume = {45},
year = {2013}
}
@article{Elliott2007,
author = {Elliott, Chance and Vijayakumar, Vipin and Zink, Wesley and Hansen, Richard},
journal = {Journal of Laboratory Automation},
number = {1},
pages = {17--24},
title = {{National Instruments LabVIEW: A Programming Environment for Laboratory Automation and Measurement}},
volume = {12},
year = {2007}
}
@inproceedings{Kumura2012,
author = {Kumura, Takahiro and Nakamura, Yuichi and Ishiura, Nagisa and Takeuchi, Yoshinori and Imai, Masaharu},
booktitle = {Proc. of the 17th Workshop on Synthesis And System Integration of Mixed Information technologies (SASIMI 2012)},
pages = {186--191},
title = {{Model Based Parallelization from the Simulink Models and Their Sequential C Code}},
year = {2012}
}
@book{Cook2007,
author = {Cook, Steve and Jones, Gareth and Kent, Stuart and Wills, Alan Cameron},
booktitle = {Library},
pages = {576},
publisher = {Addison-Wesley Professional},
title = {{Domain Specific Development with Visual Studio DSL Tools}},
year = {2007}
}
@article{Itskov2014,
author = {Itskov, Pavel M. and Moreira, Jos{\'{e}}-Maria and Vinnik, Ekaterina and Lopes, Gon{\c{c}}alo and Safarik, Steve and Dickinson, Michael H. and Ribeiro, Carlos},
journal = {Nature Communications},
month = {aug},
pages = {4560},
title = {{Automated monitoring and quantitative analysis of feeding behaviour in Drosophila}},
volume = {5},
year = {2014}
}
@article{Han2005,
author = {Han, JY},
journal = {Proceedings of the 18th annual ACM symposium on User interface software and technology (UIST '05)},
pages = {115--118},
title = {{Low-cost multi-touch sensing through frustrated total internal reflection}},
year = {2005}
}
@article{Gouvea2014,
author = {Gouv{\^{e}}a, Thiago S and Monteiro, Tiago and Soares, Sofia and Atallah, Bassam V and Paton, Joseph J},
journal = {Frontiers in neurorobotics},
month = {jan},
number = {March},
pages = {10},
title = {{Ongoing behavior predicts perceptual report of interval duration.}},
volume = {8},
year = {2014}
}
@article{Tecuapetla2014,
author = {Tecuapetla, Fatuel and Matias, Sara and Dugue, Guillaume P and Mainen, Zachary F and Costa, Rui M},
journal = {Nature communications},
month = {jan},
pages = {4315},
publisher = {Nature Publishing Group},
title = {{Balanced activity in basal ganglia projection pathways is critical for contraversive movements.}},
volume = {5},
year = {2014}
}
@article{Mosconi2000,
author = {Mosconi, M and Porta, M},
journal = {Computer Languages},
number = {2000},
pages = {67--104},
title = {{Iteration constructs in data-flow visual programming languages}},
volume = {26},
year = {2000}
}
@inproceedings{Wright2003,
address = {Montreal, Canada},
author = {Wright, Matthew and Freed, A and Momeni, A},
booktitle = {Proceedings of the 2003 Conference on New Interfaces for Musical Expression (NIME-03)},
pages = {153--159},
title = {{Open Sound Control: State of the Art 2003}},
year = {2003}
}
@article{Johnston2004,
author = {Johnston, Wesley M. and Hanna, J. R. Paul and Millar, Richard J.},
journal = {ACM Computing Surveys},
month = {mar},
number = {1},
pages = {1--34},
title = {{Advances in dataflow programming languages}},
volume = {36},
year = {2004}
}
@article{Garrido-Jurado2014,
author = {Garrido-Jurado, S and Mun{\~{o}}z-Salinas, R and Madrid-Cuevas, F J and Mar{\'{\i}}n-Jim{\'{e}}nez, M J},
journal = {Pattern Recognition},
number = {6},
pages = {2280--2292},
title = {{Automatic generation and detection of highly reliable fiducial markers under occlusion}},
volume = {47},
year = {2014}
}
@inproceedings{Kato1999,
author = {Kato, Hirokazu and Billinghurst, Mark},
booktitle = {Augmented Reality, 1999.(IWAR'99) Proceedings. 2nd IEEE and ACM International Workshop on},
pages = {85--94},
publisher = {IEEE},
title = {{Marker tracking and hmd calibration for a video-based augmented reality conferencing system}},
year = {1999}
}
